@online{healthcanada,
	title={Relative humidity indoors},
	titleaddon={factsheet},
	year={2016},
	organization={Health Canada},
	location={Ottawa},
	isbn={9780660058597},
	url={https://publications.gc.ca/site/eng/9.820924/publication.html},
},
@online{armstrong,
	title={Humidification},
	titleaddon={steam, gas, electric, atomization},
	year={2013},
	organization={Armstrong International},
	volume={594},
	issue={B},
	url={https://archive.armstronginternational.com/sites/default/files/resources/documents/594.pdf},
},